<record><leader>00000cas a22000007a 4500</leader><controlfield tag="001">14638661</controlfield><controlfield tag="008">861105d18421842wiuwr ne      0    0eng d</controlfield><datafield ind1=" " ind2=" " tag="010"><subfield code="a">sn 86086603 </subfield></datafield><datafield ind1=" " ind2=" " tag="040"><subfield code="a">NPV</subfield><subfield code="b">eng</subfield><subfield code="c">NPV</subfield><subfield code="d">OCLCQ</subfield></datafield><datafield ind1=" " ind2=" " tag="042"><subfield code="a">msc</subfield></datafield><datafield ind1="0" ind2="0" tag="245"><subfield code="a">Sentinel and farmer.</subfield></datafield><datafield ind1="3" ind2="0" tag="246"><subfield code="a">Sentinel &amp; farmer</subfield></datafield><datafield ind1=" " ind2=" " tag="260"><subfield code="a">Milwaukie [i.e. Milwaukee], Wis. :</subfield><subfield code="b">H. Reed &amp; S. Chapman,</subfield><subfield code="c">1842-1842.</subfield></datafield><datafield ind1=" " ind2=" " tag="300"><subfield code="a">v.</subfield></datafield><datafield ind1=" " ind2=" " tag="310"><subfield code="a">Weekly</subfield></datafield><datafield ind1="0" ind2=" " tag="362"><subfield code="a">New ser., vol. 1, no. 17 (Feb. 12, 1842)-n.s., v. 1, no. 35 (June 18, 1842) = v. 5, no. 21-v. 5, no. 39.</subfield></datafield><datafield ind1=" " ind2=" " tag="500"><subfield code="a">Publisher varies.</subfield></datafield><datafield ind1=" " ind2=" " tag="752"><subfield code="a">United States</subfield><subfield code="b">Wisconsin</subfield><subfield code="c">Milwaukee</subfield><subfield code="d">Milwaukee.</subfield></datafield><datafield ind1=" " ind2=" " tag="752"><subfield code="a">United States</subfield><subfield code="b">Wisconsin</subfield><subfield code="c">Washington</subfield><subfield code="d">Milwaukee.</subfield></datafield><datafield ind1="0" ind2="0" tag="780"><subfield code="t">Milwaukie sentinel &amp; Wisconsin farmer</subfield><subfield code="w">(DLC)sn 86086602</subfield></datafield><datafield ind1="0" ind2="0" tag="785"><subfield code="t">Milwaukie sentinel (Milwaukee, Wis. : 1842)</subfield><subfield code="w">(DLC)sn 86086604</subfield></datafield></record>